@misc{esp_idf_book,
  title={The Rust on ESP Book},
  year={2024},
  url={https://docs.esp-rs.org/book/introduction.html},
}

@misc{rda_driver,
  title={rda5807m driver for Rust.},
  year={2024},
  url={https://crates.io/crates/rda5807m},
}

@misc{rda_driver_fork,
  title={rda5807m driver fork},
  year={2024},
  url={https://github.com/pepega007xd/rda5807m},
}

@misc{embedded_graphics,
  title={Embedded graphics library for small hardware displays},
  year={2024},
  url={https://crates.io/crates/embedded-graphics},
}

@misc{ssd_driver,
  title={I2C/SPI driver for the SSD1306 OLED display controller},
  year={2024},
  url={https://crates.io/crates/ssd1306},
}

@misc{rds,
  title = "Radio Data System --- {Wikipedia}{,} The Free Encyclopedia",
  year = "2024",
  url = "https://en.wikipedia.org/w/index.php?title=Radio_Data_System&oldid=1263044522",
  note = "[Online; accessed 15-December-2024]"
}