
@misc{ims_slajdy,
  title={Modelování a simulace},
  author={Peringer, Petr},
  year={2024},
  url={https://www.fit.vut.cz/person/peringer/public/IMS/prednasky/IMS.pdf},
} 

@misc{route_plans_jmk,
  title={Jízdní řády IDS JMK},
  year={2024},
  url={https://www.idsjmk.cz/timetables/links-routes},
} 

@misc{route_plans_cd,
  title={Traťové jízdní řády ČD},
  year={2024},
  url={https://www.cd.cz/jizdni-rad/tratove-jizdni-rady/},
} 

@misc{connecting_trains_cd,
  title={Čekání na přípojné vlaky ČD},
  year={2024},
  url={https://www.cd.cz/jizdni-rad/-25830/},
} 

@misc{connecting_trains_cd_2,
  title={Čekání na přípojné vlaky dopravce České dráhy},
  year={2018},
  url={https://www.cd.cz/jizdni-rad/tratove-jizdni-rady/files/cz-znacky-171210-01.pdf},
} 

@misc{timetable_creation_cd,
  title={Koordinace tvorby jízdního řádu},
  year={2024},
  url={https://www.cd.cz/jizdni-rad/-25517/},
} 

@misc{simlib,
  title={SIMLIB -- Simulation Library for C++},
  author={Peringer, Petr},
  url={https://www.fit.vut.cz/person/peringer/public/SIMLIB/},
} 

@misc{railway_petri_net,
  title={On Modelling Train Traffic in a Model Train System},
  author={Wolfgang Hielscher and Lars Urbszat and Claus Reinke},
  year={1998},
  url={https://api.semanticscholar.org/CorpusID:53773396}
}

@misc{delays_cd,
  title={Aktuální poloha vlaků ČD},
  author={Robert Babilon},
  year={2024},
  url={https://kam.mff.cuni.cz/~babilon/zpmapa}
}